<record><leader>00000cas a22000007a 4500</leader><controlfield tag="001">20602006</controlfield><controlfield tag="008">891106d19151920nduwr ne      0    0eng d</controlfield><datafield ind1=" " ind2=" " tag="010"><subfield code="a">sn 88076115 </subfield></datafield><datafield ind1=" " ind2=" " tag="040"><subfield code="a">NOP</subfield><subfield code="b">eng</subfield><subfield code="c">NOP</subfield><subfield code="d">OCLCQ</subfield></datafield><datafield ind1=" " ind2=" " tag="042"><subfield code="a">msc</subfield></datafield><datafield ind1="0" ind2=" " tag="130"><subfield code="a">Public opinion (Bismarck, N.D.)</subfield></datafield><datafield ind1="1" ind2="0" tag="245"><subfield code="a">Public opinion.</subfield></datafield><datafield ind1="1" ind2="3" tag="246"><subfield code="a">Bismarck semi=weekly public opinion</subfield></datafield><datafield ind1=" " ind2=" " tag="260"><subfield code="a">Bismarck, N.D. :</subfield><subfield code="b">Northwestern Press Association</subfield></datafield><datafield ind1=" " ind2=" " tag="300"><subfield code="a">5 v. :</subfield><subfield code="b">ill. ;</subfield><subfield code="c">53-58 cm.</subfield></datafield><datafield ind1=" " ind2=" " tag="310"><subfield code="a">Weekly,</subfield><subfield code="b">Dec. 7, 1916-Jan. 15, 1920</subfield></datafield><datafield ind1=" " ind2=" " tag="321"><subfield code="a">Weekly,</subfield><subfield code="b">Oct. 7, 1915-Aug. 17, 1916</subfield></datafield><datafield ind1=" " ind2=" " tag="321"><subfield code="a">Semiweekly,</subfield><subfield code="b">Aug. 22-Dec. 1, 1916</subfield></datafield><datafield ind1="0" ind2=" " tag="362"><subfield code="a">29th year, no. 38 (Oct. 7, 1915)-34th year, no. 13 (Jan 15, 1920).</subfield></datafield><datafield ind1=" " ind2=" " tag="500"><subfield code="a">Published as: Bismarck semi=weekly public opinion, Aug. 22-Dec. 1, 1916.</subfield></datafield><datafield ind1=" " ind2=" " tag="500"><subfield code="a">"Official Newspaper of Burleigh County", 1917-1920.</subfield></datafield><datafield ind1=" " ind2=" " tag="530"><subfield code="a">Available on microfilm from the State Historical Society of North Dakota.</subfield></datafield><datafield ind1=" " ind2=" " tag="752"><subfield code="a">United States</subfield><subfield code="b">North Dakota</subfield><subfield code="c">Burleigh</subfield><subfield code="d">Bismarck.</subfield></datafield><datafield ind1="0" ind2=" " tag="775"><subfield code="t">Daily public opinion (Bismarck, N.D.)</subfield><subfield code="w">(DLC)sn 89074354</subfield></datafield><datafield ind1="0" ind2="0" tag="780"><subfield code="t">State news (Bismarck, N.D.)</subfield><subfield code="w">(DLC)sn 88076114</subfield></datafield></record>